@article{Macrinici2018,
  doi = {10.1016/j.tele.2018.10.004},
  url = {https://doi.org/10.1016/j.tele.2018.10.004},
  year = {2018},
  month = dec,
  publisher = {Elsevier {BV}},
  volume = {35},
  number = {8},
  pages = {2337--2354},
  author = {Daniel Macrinici and Cristian Cartofeanu and Shang Gao},
  title = {Smart contract applications within blockchain technology: A systematic mapping study},
  journal = {Telematics and Informatics}
}

@article{Chang2019,
  doi = {10.1016/j.techfore.2019.03.015},
  url = {https://doi.org/10.1016/j.techfore.2019.03.015},
  year = {2019},
  month = jul,
  publisher = {Elsevier {BV}},
  volume = {144},
  pages = {1--11},
  author = {Shuchih Ernest Chang and Yi-Chian Chen and Ming-Fang Lu},
  title = {Supply chain re-engineering using blockchain technology: A case of smart contract based tracking process},
  journal = {Technological Forecasting and Social Change}
}

@article{Ahmad2021,
  doi = {10.1016/j.rtbm.2021.100620},
  url = {https://doi.org/10.1016/j.rtbm.2021.100620},
  year = {2021},
  month = dec,
  publisher = {Elsevier {BV}},
  volume = {41},
  pages = {100620},
  author = {Raja Wasim Ahmad and Haya Hasan and Raja Jayaraman and Khaled Salah and Mohammed Omar},
  title = {Blockchain applications and architectures for port operations and logistics management},
  journal = {Research in Transportation Business \& Management}
}

@inproceedings{Androulaki2018,
  doi = {10.1145/3190508.3190538},
  url = {https://doi.org/10.1145/3190508.3190538},
  year = {2018},
  month = apr,
  publisher = {{ACM}},
  author = {Elli Androulaki and Artem Barger and Vita Bortnikov and Christian Cachin and Konstantinos Christidis and Angelo De Caro and David Enyeart and Christopher Ferris and Gennady Laventman and Yacov Manevich and Srinivasan Muralidharan and Chet Murthy and Binh Nguyen and Manish Sethi and Gari Singh and Keith Smith and Alessandro Sorniotti and Chrysoula Stathakopoulou and Marko Vukoli{\'{c}} and Sharon Weed Cocco and Jason Yellick},
  title = {Hyperledger fabric},
  booktitle = {Proceedings of the Thirteenth {EuroSys} Conference}
}

@incollection{Dhillon2017,
  doi = {10.1007/978-1-4842-3081-7_10},
  url = {https://doi.org/10.1007/978-1-4842-3081-7_10},
  year = {2017},
  publisher = {Apress},
  pages = {139--149},
  author = {Vikram Dhillon and David Metcalf and Max Hooper},
  title = {The Hyperledger Project},
  booktitle = {Blockchain Enabled Applications}
}

@article{Gao2022,
  doi = {10.1016/j.cie.2022.108527},
  url = {https://doi.org/10.1016/j.cie.2022.108527},
  year = {2022},
  month = oct,
  publisher = {Elsevier {BV}},
  volume = {172},
  pages = {108527},
  author = {Na Gao and Dezhi Han and Tien-Hsiung Weng and Benhui Xia and Dun Li and Arcangelo Castiglione and Kuan-Ching Li},
  title = {Modeling and analysis of port supply chain system based on Fabric blockchain},
  journal = {Computers \& Industrial Engineering}
}